@Manual{R-base,
  title = {R: A Language and Environment for Statistical Computing},
  author = {{R Core Team}},
  organization = {R Foundation for Statistical Computing},
  address = {Vienna, Austria},
  year = {2020},
  url = {https://www.R-project.org/},
}
@Manual{R-bookdown,
  title = {bookdown: Authoring Books and Technical Documents with R Markdown},
  author = {Yihui Xie},
  year = {2020},
  note = {R package version 0.19},
  url = {https://CRAN.R-project.org/package=bookdown},
}
@Manual{R-glmnet,
  title = {glmnet: Lasso and Elastic-Net Regularized Generalized Linear Models},
  author = {Jerome Friedman and Trevor Hastie and Rob Tibshirani and Balasubramanian Narasimhan and Kenneth Tay and Noah Simon},
  year = {2020},
  note = {R package version 4.0-2},
  url = {https://CRAN.R-project.org/package=glmnet},
}
@Manual{R-Matrix,
  title = {Matrix: Sparse and Dense Matrix Classes and Methods},
  author = {Douglas Bates and Martin Maechler},
  year = {2019},
  note = {R package version 1.2-18},
  url = {https://CRAN.R-project.org/package=Matrix},
}
@Book{bookdown2016,
  title = {bookdown: Authoring Books and Technical Documents with {R} Markdown},
  author = {Yihui Xie},
  publisher = {Chapman and Hall/CRC},
  address = {Boca Raton, Florida},
  year = {2016},
  note = {ISBN 978-1138700109},
  url = {https://github.com/rstudio/bookdown},
}
@Article{glmnet2010,
  title = {Regularization Paths for Generalized Linear Models via Coordinate Descent},
  author = {Jerome Friedman and Trevor Hastie and Robert Tibshirani},
  journal = {Journal of Statistical Software},
  year = {2010},
  volume = {33},
  number = {1},
  pages = {1--22},
  url = {http://www.jstatsoft.org/v33/i01/},
}
@Article{glmnet2011,
  title = {Regularization Paths for Cox's Proportional Hazards Model via Coordinate Descent},
  author = {Noah Simon and Jerome Friedman and Trevor Hastie and Rob Tibshirani},
  journal = {Journal of Statistical Software},
  year = {2011},
  volume = {39},
  number = {5},
  pages = {1--13},
  url = {http://www.jstatsoft.org/v39/i05/},
}
